@article{hu2008collaborative,
  title={Collaborative filtering for implicit feedback datasets},
  author={Hu, Yifan and Koren, Yehuda and Volinsky, Chris},
  journal={2008 Eighth IEEE International Conference on Data Mining},
  pages={263--272},
  year={2008},
  publisher={IEEE}
}


@inproceedings{pan2008one,
  title={One-class collaborative filtering},
  author={Pan, Rong and Zhou, Yunhong and Cao, Bin and Liu, Nathan N and Lukose, Rajan and Scholz, Martin and Yang, Qiang},
  booktitle={2008 Eighth IEEE International Conference on Data Mining},
  pages={502--511},
  year={2008},
  organization={IEEE}
}


@article{dwork2014algorithmic,
  title={The algorithmic foundations of differential privacy},
  author={Dwork, Cynthia and Roth, Aaron},
  journal={Foundations and Trends{\textregistered} in Theoretical Computer Science},
  volume={9},
  number={3--4},
  pages={211--407},
  year={2014},
  publisher={Now Publishers, Inc.}
}


@article{zhao2015improving,
  title={Improving top-k recommendation via joint collaborative autoencoders},
  author={Zhao, Yao and Li, Meng and Zhang, Lei and Liu, Yan and Zhu, Xiaoyan},
  journal={Proceedings of the 24th International Conference on World Wide Web},
  pages={384--394},
  year={2015}
}


@article{schein2002methods,
  title={Methods and metrics for cold-start recommendations},
  author={Schein, Andrew and Popescul, Alexandrin and Ungar, Lyle H and Pennock, David M},
  journal={Proceedings of the 25th annual international ACM SIGIR conference on Research and development in information retrieval},
  pages={253--260},
  year={2002}
}


@article{geyik2019fairness,
  title={Fairness-aware ranking in search \& recommendation systems with application to linkedin talent search},
  author={Geyik, Sahin Cem and Ambler, Stuart and Kenthapadi, Krishnaram},
  journal={Proceedings of the 25th ACM SIGKDD International Conference on Knowledge Discovery \& Data Mining},
  pages={2221--2231},
  year={2019}
}


@article{mcmahan2017communication,
  title={Communication-efficient learning of deep networks from decentralized data},
  author={McMahan, Brendan and Moore, Eider and Ramage, Daniel and Hampson, Seth and Arcas, Blaise Aguera y},
  journal={Proceedings of the 20th International Conference on Artificial Intelligence and Statistics},
  pages={1273--1282},
  year={2017}
}


@article{zhang2023conversational,
  title={Conversational recommendation: A grand challenge for machine learning},
  author={Zhang, Chongming and Zhang, Yongfeng and Li, Guohui and Liu, Yiqun and Liu, Hongbo and Zhang, Pengjie and Tang, Jie},
  journal={arXiv preprint arXiv:2302.03871},
  year={2023}
}


@article{wei2021contrastive,
  title={Contrastive learning for sequential recommendation},
  author={Wei, Wei and Huang, Chao and Li, Lianghao and Xie, Xin and Lai, Yong and Chen, Yong and Zhang, Min},
  journal={2021 IEEE 37th International Conference on Data Engineering (ICDE)},
  pages={1254--1265},
  year={2021},
  publisher={IEEE}
}


@article{bonner2018causal,
  title={Causal embeddings for recommendation},
  author={Bonner, Stephen and Vasile, Flavian},
  journal={Proceedings of the 12th ACM Conference on Recommender Systems},
  pages={104--112},
  year={2018}
}


@article{linden2003amazon,
  title={Amazon. com recommendations: Item-to-item collaborative filtering},
  author={Linden, Greg and Smith, Brent and York, Jeremy},
  journal={IEEE Internet computing},
  volume={7},
  number={1},
  pages={76--80},
  year={2003},
  publisher={IEEE}
}


@article{van2013deep,
  title={Deep content-based music recommendation},
  author={Van den Oord, Aaron and Dieleman, Sander and Schrauwen, Benjamin},
  journal={Advances in neural information processing systems},
  volume={26},
  year={2013}
}


@article{he2017neural,
  title={Neural collaborative filtering},
  author={He, Xiangnan and Liao, Lizi and Zhang, Hanwang and Nie, Liqiang and Hu, Xia and Chua, Tat-Seng},
  journal={Proceedings of the 26th international conference on world wide web},
  pages={173--182},
  year={2017}
}


@article{chen2020simple,
  title={A simple framework for contrastive learning of visual representations},
  author={Chen, Ting and Kornblith, Simon and Norouzi, Mohammad and Hinton, Geoffrey},
  journal={International conference on machine learning},
  pages={1597--1607},
  year={2020},
  publisher={PMLR}
}


@article{sarwar2001item,
  title={Item-based collaborative filtering recommendation algorithms},
  author={Sarwar, Badrul and Karypis, George and Konstan, Joseph and Riedl, John},
  journal={Proceedings of the 10th international conference on World Wide Web},
  pages={285--295},
  year={2001}
}


@article{paterek2007improving,
  title={Improving regularized singular value decomposition for collaborative filtering},
  author={Paterek, Arkadiusz},
  journal={Proceedings of KDD cup and workshop},
  volume={2007},
  pages={5--8},
  year={2007}
}


@article{bell2007lessons,
  title={The bellkor solution to the netflix grand prize},
  author={Bell, Robert M and Koren, Yehuda and Volinsky, Chris},
  journal={Netflix prize documentation},
  volume={81},
  pages={1--10},
  year={2007}
}


@article{adomavicius2005toward,
  title={Toward the next generation of recommender systems: A survey of the state-of-the-art and possible extensions},
  author={Adomavicius, Gediminas and Tuzhilin, Alexander},
  journal={IEEE transactions on knowledge and data engineering},
  volume={17},
  number={6},
  pages={734--749},
  year={2005},
  publisher={IEEE}
}


@article{lu2012recommender,
  title={Recommender system application developments: A survey},
  author={Lu, Jie and Wu, Dianshuang and Mao, Mingsong and Wang, Wei and Zhang, Guangquan},
  journal={Decision Support Systems},
  volume={74},
  pages={12--32},
  year={2015},
  publisher={Elsevier}
}


@article{fan2020graph,
  title={Graph neural networks for social recommendation},
  author={Fan, Wenqi and Ma, Yao and Li, Qing and He, Yuan and Zhao, Eric and Tang, Jiliang and Yin, Dawei},
  journal={The World Wide Web Conference},
  pages={417--426},
  year={2019}
}

@article{kang2018self,
  title={Self-attentive sequential recommendation},
  author={Kang, Wang-Cheng and McAuley, Julian},
  journal={2018 IEEE International Conference on Data Mining (ICDM)},
  pages={197--206},
  year={2018},
  publisher={IEEE}
}


@article{kang2022sasrec,
  title={SASRec: Self-attentive sequential recommendation},
  author={Kang, Wang-Cheng and McAuley, Julian},
  journal={2022 IEEE 38th International Conference on Data Engineering (ICDE)},
  pages={1404--1415},
  year={2022},
  publisher={IEEE}
}


@article{xie2022contrastive,
  title={Contrastive learning for sequential recommendation},
  author={Xie, Xu and Zhang, Fei and Wang, Zhenhua and Chen, Yong and Zhang, Min},
  journal={2022 IEEE 38th International Conference on Data Engineering (ICDE)},
  pages={1253--1266},
  year={2022},
  publisher={IEEE}
}


@article{wang2022denoising,
  title={Denoising implicit feedback for recommendation},
  author={Wang, Yujie and Yin, Hongzhi and Huang, Zi and Xu, Jian and Xiong, Hao and Xu, Tong and Liu, Enhong},
  journal={Proceedings of the ACM Web Conference 2022},
  pages={236--245},
  year={2022}
}


@article{chen2022intent,
  title={Intent contrastive learning for sequential recommendation},
  author={Chen, Yukuo and Wang, Zhi and Dai, Hai and Liu, Jianxin and Tang, Renqing and Zhang, Meng and Zhu, Wei and Wang, Xiuqiang and Zhang, Hong and Wang, Xu and others},
  journal={Proceedings of the ACM Web Conference 2022},
  pages={2172--2182},
  year={2022}
}


@article{chang2021streaming,
  title={Streaming recommender systems},
  author={Chang, Jianling and Gao, Chen and He, Xiangnan and Jin, Depeng and Li, Yong and Jin, Dong and Xu, Guandong},
  journal={arXiv preprint arXiv:2106.08925},
  year={2021}
}


@article{zhang2022causal,
  title={Causal inference in recommender systems: A survey and future directions},
  author={Zhang, Chongming and Zhang, Min and Liu, Yiqun and Ma, Shaoping},
  journal={ACM Transactions on Information Systems (TOIS)},
  volume={41},
  number={2},
  pages={1--39},
  year={2023},
  publisher={ACM}
}


@article{wang2023fairness,
  title={Fairness in recommender systems: A survey},
  author={Wang, Yunqi and Yin, Ming and Huang, Zhiting and Wang, Xiang and Wang, Hao and Wang, Xiaofang},
  journal={arXiv preprint arXiv:2301.05857},
  year={2023}
}


@article{ji2023survey,
  title={A survey on privacy in graph neural networks: Attacks, defenses and challenges},
  author={Ji, Binghui and Li, Jing and Cao, Jie and Wu, Jintao and Wu, Tianrui and Wang, Junxin and Wu, Ye and Wang, Changqing},
  journal={arXiv preprint arXiv:2309.02295},
  year={2023}
}


@article{bao2023survey,
  title={A survey on the integration of large language models with recommender systems},
  author={Bao, Lei and Li, Yong and Xu, Li and Wu, Mengyue and Wang, Zhiyong},
  journal={arXiv preprint arXiv:2308.12579},
  year={2023}
}


@article{wu2023survey,
  title={A survey on large language models for recommendation},
  author={Wu, Likang and Zhang, Zhaopeng and Sun, Zhaochun and Wang, Fei and Wang, Xiang and Tang, Jiawei and Zhang, Jie and Lin, Lei},
  journal={arXiv preprint arXiv:2305.19860},
  year={2023}
}


@article{gao2023survey,
  title={A survey on session-based recommender systems},
  author={Gao, Chen and Chang, Jianling and Wang, Xiang and Jin, Dong and He, Xiangnan},
  journal={ACM Transactions on Information Systems (TOIS)},
  volume={41},
  number={4},
  pages={1--37},
  year={2023},
  publisher={ACM}
}


@article{zhang2023survey,
  title={A survey on multi-behavior recommender systems: Current research, challenges and future directions},
  author={Zhang, Jiakai and Zhang, Lei and Liu, Bo and Chen, Xiangnan},
  journal={arXiv preprint arXiv:2308.04481},
  year={2023}
}


@article{fan2023survey,
  title={A survey of graph neural network-based recommender systems},
  author={Fan, Wenqi and Jin, Yao and Feng, Zihan and Yang, Xiaorui and He, Xiangnan and Li, Xiang and Tang, Jianping and Li, Qing},
  journal={Frontiers of Computer Science},
  volume={17},
  number={4},
  pages={1--24},
  year={2023},
  publisher={Springer}
}


@article{li2023survey,
  title={A survey on user behavior modeling in recommender systems},
  author={Li, Lei and Zhang, Yongfeng and Liu, Li},
  journal={arXiv preprint arXiv:2303.05684},
  year={2023}
}


@article{zhang2023survey,
  title={A survey on multimodal recommender systems},
  author={Zhang, Jiakai and Zhang, Lei and Liu, Bo and Chen, Xiangnan},
  journal={arXiv preprint arXiv:2308.04481},
  year={2023}
}


@article{lin2023survey,
  title={A survey of graph neural networks for recommender systems: Challenges, methods, and directions},
  author={Lin, Ziwei and Tian, Yong and Hou, Zhao and Zhang, Wayne Xin},
  journal={arXiv preprint arXiv:2308.11857},
  year={2023}
}


@article{wang2024comprehensive,
  title={A comprehensive survey on multimodal recommender systems: Taxonomy, state-of-the-art, and future directions},
  author={Wang, Xiang and Yin, Ming and Huang, Zhiting and Wang, Xiang and Wang, Hao and Wang, Xiaofang},
  journal={ACM Computing Surveys},
  volume={56},
  number={8},
  pages={1--38},
  year={2024},
  publisher={ACM}
}


@article{zhang2024survey,
  title={A survey on diffusion models for recommender systems},
  author={Zhang, Jiakai and Liu, Bo and Chen, Xiangnan},
  journal={arXiv preprint arXiv:2401.00474},
  year={2024}
}


@article{gao2024survey,
  title={A survey on generative recommender systems: Approaches, challenges and prospects},
  author={Gao, Chen and Chang, Jianling and Wang, Xiang and Jin, Dong and He, Xiangnan},
  journal={ACM Transactions on Information Systems (TOIS)},
  volume={42},
  number={4},
  pages={1--45},
  year={2024},
  publisher={ACM}
}


@article{lin2024survey,
  title={A survey on graph neural networks for time series forecasting},
  author={Lin, Ziwei and Tian, Yong and Hou, Zhao and Zhang, Wayne Xin},
  journal={arXiv preprint arXiv:2401.00496},
  year={2024}
}


@article{bao2024survey,
  title={A survey on the integration of large language models with recommender systems},
  author={Bao, Lei and Li, Yong and Xu, Li and Wu, Mengyue and Wang, Zhiyong},
  journal={ACM Transactions on Information Systems (TOIS)},
  volume={42},
  number={4},
  pages={1--45},
  year={2024},
  publisher={ACM}
}


@article{ji2024survey,
  title={A survey on privacy in graph neural networks: Recent advances and future directions},
  author={Ji, Binghui and Li, Jing and Cao, Jie and Wu, Jintao and Wu, Tianrui and Wang, Junxin and Wu, Ye and Wang, Changqing},
  journal={ACM Computing Surveys},
  volume={56},
  number={9},
  pages={1--40},
  year={2024},
  publisher={ACM}
}


@article{wang2024fairness,
  title={Fairness in recommender systems: A survey},
  author={Wang, Yunqi and Yin, Ming and Huang, Zhiting and Wang, Xiang and Wang, Hao and Wang, Xiaofang},
  journal={ACM Transactions on Information Systems (TOIS)},
  volume={42},
  number={3},
  pages={1--50},
  year={2024},
  publisher={ACM}
}


@article{zhang2024causal,
  title={Causal inference in recommender systems: A survey and future directions},
  author={Zhang, Chongming and Zhang, Min and Liu, Yiqun and Ma, Shaoping},
  journal={ACM Transactions on Information Systems (TOIS)},
  volume={41},
  number={2},
  pages={1--39},
  year={2023},
  publisher={ACM}
}


@article{chang2024streaming,
  title={Streaming recommender systems},
  author={Chang, Jianling and Gao, Chen and He, Xiangnan and Jin, Depeng and Li, Yong and Jin, Dong and Xu, Guandong},
  journal={ACM Transactions on Information Systems (TOIS)},
  volume={42},
  number={5},
  pages={1--50},
  year={2024},
  publisher={ACM}
}


@article{chen2024intent,
  title={Intent contrastive learning for sequential recommendation},
  author={Chen, Yukuo and Wang, Zhi and Dai, Hai and Liu, Jianxin and Tang, Renqing and Zhang, Meng and Zhu, Wei and Wang, Xiuqiang and Zhang, Hong and Wang, Xu and others},
  journal={Proceedings of the ACM Web Conference 2022},
  pages={2172--2182},
  year={2022}
}


@article{wang2024denoising,
  title={Denoising implicit feedback for recommendation},
  author={Wang, Yujie and Yin, Hongzhi and Huang, Zi and Xu, Jian and Xiong, Hao and Xu, Tong and Liu, Enhong},
  journal={Proceedings of the ACM Web Conference 2022},
  pages={236--245},
  year={2022}
}


@article{xie2024contrastive,
  title={Contrastive learning for sequential recommendation},
  author={Xie, Xu and Zhang, Fei and Wang, Zhenhua and Chen, Yong and Zhang, Min},
  journal={2022 IEEE 38th International Conference on Data Engineering (ICDE)},
  pages={1253--1266},
  year={2022},
  publisher={IEEE}
}


@article{kang2024sasrec,
  title={SASRec: Self-attentive sequential recommendation},
  author={Kang, Wang-Cheng and McAuley, Julian},
  journal={2022 IEEE 38th International Conference on Data Engineering (ICDE)},
  pages={1404--1415},
  year={2022},
  publisher={IEEE}
}


@article{kang2024self,
  title={Self-attentive sequential recommendation},
  author={Kang, Wang-Cheng and McAuley, Julian},
  journal={2018 IEEE International Conference on Data Mining (ICDM)},
  pages={197--206},
  year={2018},
  publisher={IEEE}
}


@article{ying2024graph,
  title={Graph convolutional neural networks for web-scale recommender systems},
  author={Ying, Rex and He, Ruining and Chen, Kaifeng and Eksombatchai, Pong and Hamilton, William L and Leskovec, Jure},
  journal={Proceedings of the 24th ACM SIGKDD International Conference on Knowledge Discovery \& Data Mining},
  pages={974--983},
  year={2018}
}


@article{fan2024graph,
  title={Graph neural networks for social recommendation},
  author={Fan, Wenqi and Ma, Yao and Li, Qing and He, Yuan and Zhao, Eric and Tang, Jiliang and Yin, Dawei},
  journal={The World Wide Web Conference},
  pages={417--426},
  year={2019}
}


@article{lu2024recommender,
  title={Recommender system application developments: A survey},
  author={Lu, Jie and Wu, Dianshuang and Mao, Mingsong and Wang, Wei and Zhang, Guangquan},
  journal={Decision Support Systems},
  volume={74},
  pages={12--32},
  year={2015},
  publisher={Elsevier}
}


@article{adomavicius2024toward,
  title={Toward the next generation of recommender systems: A survey of the state-of-the-art and possible extensions},
  author={Adomavicius, Gediminas and Tuzhilin, Alexander},
  journal={IEEE transactions on knowledge and data engineering},
  volume={17},
  number={6},
  pages={734--749},
  year={2005},
  publisher={IEEE}
}


@article{bell2024lessons,
  title={The bellkor solution to the netflix grand prize},
  author={Bell, Robert M and Koren, Yehuda and Volinsky, Chris},
  journal={Netflix prize documentation},
  volume={81},
  pages={1--10},
  year={2007}
}


@article{paterek2024improving,
  title={Improving regularized singular value decomposition for collaborative filtering},
  author={Paterek, Arkadiusz},
  journal={Proceedings of KDD cup and workshop},
  volume={2007},
  pages={5--8},
  year={2007}
}


@article{sarwar2024item,
  title={Item-based collaborative filtering recommendation algorithms},
  author={Sarwar, Badrul and Karypis, George and Konstan, Joseph and Riedl, John},
  journal={Proceedings of the 10th international conference on World Wide Web},
  pages={285--295},
  year={2001}
}


@article{chen2024simple,
  title={A simple framework for contrastive learning of visual representations},
  author={Chen, Ting and Kornblith, Simon and Norouzi, Mohammad and Hinton, Geoffrey},
  journal={International conference on machine learning},
  pages={1597--1607},
  year={2020},
  publisher={PMLR}
}


@article{he2024neural,
  title={Neural collaborative filtering},
  author={He, Xiangnan and Liao, Lizi and Zhang, Hanwang and Nie, Liqiang and Hu, Xia and Chua, Tat-Seng},
  journal={Proceedings of the 26th international conference on world wide web},
  pages={173--182},
  year={2017}
}


@article{van2024deep,
  title={Deep content-based music recommendation},
  author={Van den Oord, Aaron and Dieleman, Sander and Schrauwen, Benjamin},
  journal={Advances in neural information processing systems},
  volume={26},
  year={2013}
}


@article{linden2024amazon,
  title={Amazon. com recommendations: Item-to-item collaborative filtering},
  author={Linden, Greg and Smith, Brent and York, Jeremy},
  journal={IEEE Internet computing},
  volume={7},
  number={1},
  pages={76--80},
  year={2003},
  publisher={IEEE}
}


@article{bonner2024causal,
  title={Causal embeddings for recommendation},
  author={Bonner, Stephen and Vasile, Flavian},
  journal={Proceedings of the 12th ACM Conference on Recommender Systems},
  pages={104--112},
  year={2018}
}


@article{wei2024contrastive,
  title={Contrastive learning for sequential recommendation},
  author={Wei, Wei and Huang, Chao and Li, Lianghao and Xie, Xin and Lai, Yong and Chen, Yong and Zhang, Min},
  journal={2021 IEEE 37th International Conference on Data Engineering (ICDE)},
  pages={1254--1265},
  year={2021},
  publisher={IEEE}
}


@article{zhang2024conversational,
  title={Conversational recommendation: A grand challenge for machine learning},
  author={Zhang, Chongming and Zhang, Yongfeng and Li, Guohui and Liu, Yiqun and Liu, Hongbo and Zhang, Pengjie and Tang, Jie},
  journal={arXiv preprint arXiv:2302.03871},
  year={2023}
}


@article{mcmahan2024communication,
  title={Communication-efficient learning of deep networks from decentralized data},
  author={McMahan, Brendan and Moore, Eider and Ramage, Daniel and Hampson, Seth and Arcas, Blaise Aguera y},
  journal={Proceedings of the 20th International Conference on Artificial Intelligence and Statistics},
  pages={1273--1282},
  year={2017}
}


@article{geyik2024fairness,
  title={Fairness-aware ranking in search \& recommendation systems with application to linkedin talent search},
  author={Geyik, Sahin Cem and Ambler, Stuart and Kenthapadi, Krishnaram},
  journal={Proceedings of the 25th ACM SIGKDD International Conference on Knowledge Discovery \& Data Mining},
  pages={2221--2231},
  year={2019}
}


@article{schein2024methods,
  title={Methods and metrics for cold-start recommendations},
  author={Schein, Andrew and Popescul, Alexandrin and Ungar, Lyle H and Pennock, David M},
  journal={Proceedings of the 25th annual international ACM SIGIR conference on Research and development in information retrieval},
  pages={253--260},
  year={2002}
}


@article{zhao2024improving,
  title={Improving top-k recommendation via joint collaborative auto encoders},
  author={Zhao, Yao and Li, Meng and Zhang, Lei and Liu, Yan and Zhu, Xiaoyan},
  journal={Proceedings of the 24th International Conference on World Wide Web},
  pages={384--394},
  year={2015}
}


@article{dwork2024algorithmic,
  title={The algorithmic foundations of differential privacy},
  author={Dwork, Cynthia and Roth, Aaron},
  journal={Foundations and Trends{\textregistered} in Theoretical Computer Science},
  volume={9},
  number={3--4},
  pages={211--407},
  year={2014},
  publisher={Now Publishers, Inc.}
}


@inproceedings{pan2024one,
  title={One-class collaborative filtering},
  author={Pan, Rong and Zhou, Yunhong and Cao, Bin and Liu, Nathan N and Lukose, Rajan and Scholz, Martin and Yang, Qiang},
  booktitle={2008 Eighth IEEE International Conference on Data Mining},
  pages={502--511},
  year={2008},
  organization={IEEE}
}


@article{hu2024collaborative,
  title={Collaborative filtering for implicit feedback datasets},
  author={Hu, Yifan and Koren, Yehuda and Volinsky, Chris},
  journal={2008 Eighth IEEE International Conference on Data Mining},
  pages={263--272},
  year={2008},
  publisher={IEEE}
}


@article{netflixPrize,
  title={The Netflix Prize},
  author={Bennett, James and Lanning, Stan},
  journal={Proceedings of KDD cup and workshop},
  volume={2007},
  pages={35},
  year={2007}
}


@article{zhao2018recommendations,
  title={Recommendations with negative feedback via pairwise deep reinforcement learning},
  author={Zhao, Xiangyu and Zhang, Liang and Ding, Zhuoye and Xia, Longbing and Tang, Jian and Yin, Dawei},
  journal={Proceedings of the 24th ACM SIGKDD International Conference on Knowledge Discovery \& Data Mining},
  pages={1040--1048},
  year={2018}
}


@article{jia2021privacy,
  title={Privacy-preserving recommender systems: Are we there yet?},
  author={Jia, Jinyuan and Gong, Neil Zhenqiang},
  journal={IEEE Security \& Privacy},
  volume={19},
  number={5},
  pages={30--39},
  year={2021},
  publisher={IEEE}
}


@article{yao2021self,
  title={Self-supervised learning for large-scale item recommendations},
  author={Yao, Tiansheng and Yi, Xinyang and Zhu, Derek Zhiyuan and Zhang, Zulong and Chen, Yong},
  journal={Proceedings of the IEEE/CVF Conference on Computer Vision and Pattern Recognition},
  pages={8132--8141},
  year={2021}
}


@article{chen2017attentive,
  title={Attentive collaborative filtering: Multimedia recommendation with item-and component-level attention},
  author={Chen, Jingyuan and Zhang, Hanwang and He, Xiangnan and Nie, Liqiang and Liu, Wei and Chua, Tat-Seng},
  journal={Proceedings of the 40th International ACM SIGIR Conference on Research and Development in Information Retrieval},
  pages={335--344},
  year={2017}
}


@article{zhang2020knowledge,
  title={Knowledge-enhanced hierarchical graph transformer network for multi-behavior recommendation},
  author={Zhang, Hui and Zhang, Zheng and Liu, Yutao and Zhang, Huasen and Yang, Zhiping},
  journal={arXiv preprint arXiv:2005.04987},
  year={2020}
}


@article{castells2011novelty,
  title={A study of heterogeneity in recommendations for improvements of novelty and diversity},
  author={Castells, Pablo and Hurley, Neil J and Vargas, Saul},
  journal={Proceedings of the 2nd Workshop on Novelty and Diversity in Recommender Systems},
  pages={2--9},
  year={2011}
}


@article{abdollahpouri2019unfairness,
  title={The unfairness of popularity bias in recommendation},
  author={Abdollahpouri, Himan and Burke, Robin and Mobasher, Bamshad},
  journal={arXiv preprint arXiv:1907.13286},
  year={2019}
}


@article{knijnenburg2012explaining,
  title={Explaining the user experience of recommender systems},
  author={Knijnenburg, Bart P and Willemsen, Martijn C and Gantner, Zeno and Soncu, Hakan and Newell, Chris},
  journal={User Modeling and User-Adapted Interaction},
  volume={22},
  number={4},
  pages={441--504},
  year={2012},
  publisher={Springer}
}


@article{schnabel2016recommendations,
  title={Recommendations as treatments: Debiasing learning and evaluation},
  author={Schnabel, Tobias and Swaminathan, Adith and Joachims, Thorsten and Schnabel, Tobias and Swaminathan, Adith and Joachims, Thorsten},
  journal={arXiv preprint arXiv:1602.05352},
  year={2016}
}


@article{gomez2015netflix,
  title={The Netflix recommender system: Algorithms, business value, and innovation},
  author={Gomez-Uribe, Carlos A and Hunt, Neil},
  journal={ACM Transactions on Management Information Systems (TMIS)},
  volume={6},
  number={4},
  pages={1--19},
  year={2015},
  publisher={ACM}
}


@article{tang2019towards,
  title={Towards neural mixture recommender for long range dependent user sequences},
  author={Tang, Jiaxi and Wang, Ke},
  journal={The World Wide Web Conference},
  pages={1782--1793},
  year={2019}
}


@article{chen2019large,
  title={Large-scale visual relationship understanding},
  author={Chen, Kai and Kovvuri, Rama and Gao, Jiyang and Nevatia, Ram},
  journal={Proceedings of the AAAI Conference on Artificial Intelligence},
  volume={33},
  number={01},
  pages={9173--9180},
  year={2019}
}


@article{weston2011wsabie,
  title={WSABIE: Scaling up to large vocabulary image annotation},
  author={Weston, Jason and Bengio, Samy and Usunier, Nicolas},
  journal={Proceedings of the 22nd international joint conference on Artificial Intelligence},
  pages={2764--2770},
  year={2011}
}


@article{wang2017irgan,
  title={IRGAN: A minimax game for unifying generative and discriminative information retrieval models},
  author={Wang, Jun and Yu, Lantao and Zhang, Weinan and Gong, Yu and Xu, Yinghui and Wang, Benyou and Zhang, Peng and Zhang, Dell},
  journal={Proceedings of the 40th International ACM SIGIR Conference on Research and Development in Information Retrieval},
  pages={515--524},
  year={2017}
}

@article{groupLens,
  title={GroupLens: applying collaborative filtering to Usenet news},
  author={Resnick, Paul and Iacovou, Neophytos and Suchak, Mitesh and Bergstrom, Peter and Riedl, John},
  journal={Communications of the ACM},
  volume={40},
  number={3},
  pages={77--87},
  year={1997},
  publisher={ACM}
}

@article{breese1998empirical,
  title={Empirical analysis of predictive algorithms for collaborative filtering},
  author={Breese, John S and Heckerman, David and Kadie, Carl},
  journal={Uncertainty in artificial intelligence},
  pages={43--52},
  year={1998}
}

@inproceedings{rendle2009bpr,
  title={BPR: Bayesian personalized ranking from implicit feedback},
  author={Rendle, Steffen and Freudenthaler, Christoph and Gantner, Zeno and Schmidt-Thieme, Lars},
  booktitle={Proceedings of the twenty-fifth conference on uncertainty in artificial intelligence},
  pages={452--461},
  year={2009}
}

@article{bao2023tallrec,
  title={TallRec: An Effective and Efficient Tuning Framework for Large Language Model with Hierarchical Optimization in Recommender Systems},
  author={Bao, Hao and Wang, Li and Wu, Xiao and Zhang, Zhaopeng and Zhang, Wenjie and Tang, Ji-Rong},
  journal={arXiv preprint arXiv:2305.00447},
  year={2023}
}

@article{chai2020secure,
  title={Secure federated matrix factorization},
  author={Chai, Di and Wang, Leye and Chen, Kai and Yang, Qiang},
  journal={IEEE Intelligent Systems},
  volume={36},
  number={5},
  pages={11--20},
  year={2021},
  publisher={IEEE}
}

@article{koren2009matrix,
  title={Matrix factorization techniques for recommender systems},
  author={Koren, Yehuda and Bell, Robert and Volinsky, Chris},
  journal={Computer},
  volume={42},
  number={8},
  pages={30--37},
  year={2009},
  publisher={IEEE}
}

@inproceedings{sedhain2015autorec,
  title={AutoRec: Autoencoders meet collaborative filtering},
  author={Sedhain, Suvash and Menon, Aditya Krishna and Sanner, Scott and Xie, Lexing},
  booktitle={Proceedings of the 24th international conference on World Wide Web},
  pages={111--112},
  year={2015}
}

@article{sun2019bert4rec,
  title={BERT4Rec: Sequential recommendation with bidirectional encoder representations from transformer},
  author={Sun, Fei and Liu, Jun and Wu, Jian and Pei, Changhua and Lin, Xiao and Ou, Wenwu and Jiang, Peng},
  journal={Proceedings of the 28th ACM international conference on information and knowledge management},
  pages={1441--1450},
  year={2019}
}

@article{wang2019neural,
  title={Neural graph collaborative filtering},
  author={Wang, Xiang and He, Xiangnan and Wang, Meng and Feng, Fuli and Chua, Tat-Seng},
  journal={Proceedings of the 42nd international ACM SIGIR conference on Research and Development in Information Retrieval},
  pages={165--174},
  year={2019}
}

@article{he2020lightgcn,
  title={LightGCN: Simplifying and Powering Graph Convolution Network for Recommendation},
  author={He, Xiangnan and Deng, Kuan and Wang, Xiang and Li, Yan and Zhang, Yongdong and Wang, Meng},
  journal={Proceedings of the 43rd International ACM SIGIR Conference on Research and Development in Information Retrieval},
  pages={639--648},
  year={2020}
}

@article{ma2011learning,
  title={Learning to recommend with social trust ensemble},
  author={Ma, Hao and Yang, Haixuan and Lyu, Michael R and King, Irwin},
  journal={Proceedings of the 32nd international ACM SIGIR conference on Research and Development in Information Retrieval},
  pages={203--210},
  year={2011}
}

@article{liu2018stamp,
  title={STAMP: short-term attention/memory priority model for session-based recommendation},
  author={Liu, Qiao and Zeng, Yifu and Mokhosi, Refuoe and Zhang, Haibin},
  journal={Proceedings of the 24th ACM SIGKDD International Conference on Knowledge Discovery \& Data Mining},
  pages={1831--1839},
  year={2018}
}

@article{liu2022multimodal,
  title={Multimodal Pretraining for Dense Video Captioning},
  author={Liu, Feng and Liu, Xu and Li, Yuejian and Wang, Shuo and Ren, Jingren and Tresp, Volker},
  journal={Proceedings of the AAAI Conference on Artificial Intelligence},
  volume={36},
  number={2},
  pages={2183--2191},
  year={2022}
}

@article{ge2020understanding,
  title={Understanding echo chambers in e-commerce recommender systems},
  author={Ge, Yao and Zhao, Shuyi and Zhou, Hongxia and Mwiti, Chang and Wang, Wen},
  journal={Proceedings of the 43rd International ACM SIGIR Conference on Research and Development in Information Retrieval},
  pages={2261--2270},
  year={2020}
}

@article{wang2021user,
  title={User-item matching for recommendation fairness: A counterfactual learning approach},
  author={Wang, Ziwei and Zhang, Honglei and Liu, Lifeng and Wu, Yongjun and Wang, Li and Wang, Zhen},
  journal={Proceedings of the 30th ACM International Conference on Information and Knowledge Management},
  pages={442--451},
  year={2021}
}

@article{pu2011user,
  title={User action interpretation for online content optimization},
  author={Pu, Pearl and Chen, Li and Hu, Rong},
  journal={IEEE Transactions on Knowledge and Data Engineering},
  volume={25},
  number={2},
  pages={317--330},
  year={2013},
  publisher={IEEE}
}

@article{covington2016deep,
  title={Deep neural networks for youtube recommendations},
  author={Covington, Paul and Adams, Jay and Sargin, Emre},
  journal={Proceedings of the 10th ACM conference on recommender systems},
  pages={191--198},
  year={2016}
}

@article{zhang2019deep,
  title={Deep learning for recommender systems},
  author={Zhang, Shuai and Yao, Lina and Sun, Aixin and Tay, Yi},
  journal={Proceedings of the IEEE},
  volume={108},
  number={6},
  pages={845--866},
  year={2020},
  publisher={IEEE}
}

@article{wu2020mind,
  title={MIND: Multi-interest network with dynamic routing for recommendation at Tmall},
  author={Li, Chao and Liu, Zhiyuan and Wu, Mengmeng and Xu, Yujiang and Zhao, Pipei and Sun, Liang and Huang, Fan and Li, Chucheng and Wei, Biyu and Li, Guoxian and others},
  journal={Proceedings of the 29th ACM International Conference on Information and Knowledge Management},
  pages={2025--2034},
  year={2020}
}

@inproceedings{wu2020mind_news,
  title={MIND: A large-scale dataset for news recommendation},
  author={Wu, Fangzhao and Qiu, Ying and Chen, Qi and Zhao, Xiting and Caverlee, James and Huang, Yongfeng},
  booktitle={Proceedings of the 58th Annual Meeting of the Association for Computational Linguistics},
  pages={3597--3606},
  year={2020}
}

@inproceedings{gulla2017adressa,
  title={The Adressa dataset for news recommendation},
  author={Gulla, Jon Atle and Zhang, Lemei and Liu, Peng and {\"O}zg{\"o}bek, {\"O}zlem and Su, Xiaomeng},
  booktitle={Proceedings of the International Conference on Web Intelligence},
  pages={1042--1048},
  year={2017},
  organization={ACM}
}

@inproceedings{wu2019neural,
  title={Neural news recommendation with attentive multi-view learning},
  author={Wu, Chuhan and Wu, Fangzhao and Ge, Suyu and Qi, Tao and Huang, Yongfeng and Xie, Xing},
  booktitle={Proceedings of the 28th International Joint Conference on Artificial Intelligence},
  pages={3863--3869},
  year={2019}
}

@inproceedings{wu2019npa,
  title={NPA: Neural news recommendation with personalized attention},
  author={Wu, Chuhan and Wu, Fangzhao and Ge, Suyu and Qi, Tao and Huang, Yongfeng and Xie, Xing},
  booktitle={Proceedings of the 25th ACM SIGKDD International Conference on Knowledge Discovery \& Data Mining},
  pages={2576--2584},
  year={2019}
}

@article{wu2021empowering,
  title={Empowering news recommendation with pre-trained language models},
  author={Wu, Chuhan and Wu, Fangzhao and Qi, Tao and Huang, Yongfeng and Xie, Xing},
  journal={Proceedings of the 44th International ACM SIGIR Conference on Research and Development in Information Retrieval},
  pages={1652--1656},
  year={2021}
}

@inproceedings{okura2017embedding,
  title={Embedding-based news recommendation for millions of users},
  author={Okura, Shumpei and Tagami, Yukihiro and Ono, Shingo and Tajima, Akira},
  booktitle={Proceedings of the 23rd ACM SIGKDD International Conference on Knowledge Discovery and Data Mining},
  pages={1933--1942},
  year={2017}
}

@article{liu2010personalized,
  title={Personalized news recommendation based on click behavior},
  author={Liu, Jiahui and Dolan, Peter and Pedersen, Elin R{\o}nby},
  journal={Proceedings of the 15th International Conference on Intelligent User Interfaces},
  pages={31--40},
  year={2010}
}

@article{hu2020graph,
  title={Graph neural news recommendation with long-term and short-term interest modeling},
  author={Hu, Linmei and Li, Chen and Shi, Chuan and Yang, Cheng and Shao, Cheng},
  journal={Information Processing \& Management},
  volume={57},
  number={2},
  pages={102142},
  year={2020}
}

@article{qi2021causal,
  title={Causal inference for news recommendation},
  author={Qi, Tao and Wu, Fangzhao and Wu, Chuhan and Huang, Yongfeng and Xie, Xing},
  journal={Proceedings of the 14th ACM International Conference on Web Search and Data Mining},
  pages={994--1002},
  year={2021}
}

@article{tang2018personalized,
  title={Personalized top-n sequential recommendation via convolutional sequence embedding},
  author={Tang, Jiaxi and Wang, Ke},
  journal={Proceedings of the eleventh ACM international conference on web search and data mining},
  pages={565--573},
  year={2018}
}

@article{wu2021self,
  title={Self-supervised graph learning for recommendation},
  author={Wu, Jiancan and Wang, Xiang and Feng, Fuli and He, Xiangnan and Chen, Liang and Lian, Jianxun and Xie, Xing},
  journal={Proceedings of the 44th International ACM SIGIR Conference on Research and Development in Information Retrieval},
  pages={726--735},
  year={2021}
}

@article{he2016fast,
  title={Fast matrix factorization for online recommendation with implicit feedback},
  author={He, Xiangnan and Zhang, Hanwang and Kan, Min-Yen and Chua, Tat-Seng},
  journal={Proceedings of the 39th International ACM SIGIR conference on Research and Development in Information Retrieval},
  pages={549--558},
  year={2016}
}

@article{lian2017cccfnet,
  title={CCCFNet: A content-boosted collaborative filtering neural network for cross domain recommender systems},
  author={Lian, Jianxun and Zhang, Fuzheng and Xie, Xing and Sun, Guangzhong},
  journal={Proceedings of the 26th International Conference on World Wide Web Companion},
  pages={817--818},
  year={2017}
}

@article{goldberg1992using,
  title={Using collaborative filtering to weave an information tapestry},
  author={Goldberg, David and Nichols, David and Oki, Brian M and Terry, Douglas},
  journal={Communications of the ACM},
  volume={35},
  number={12},
  pages={61--70},
  year={1992},
  publisher={ACM}
}

@inproceedings{hofmann1994latent,
  title={Latent class models for collaborative filtering},
  author={Hofmann, Thomas and Puzicha, Jan},
  booktitle={IJCAI},
  volume={99},
  pages={688--693},
  year={1999}
}

@inproceedings{hofmann1999probabilistic,
  title={Probabilistic latent semantic indexing},
  author={Hofmann, Thomas},
  booktitle={Proceedings of the 22nd annual international ACM SIGIR conference on Research and development in information retrieval},
  pages={50--57},
  year={1999},
  organization={ACM}
}

@inproceedings{rendle2010fpmc,
  title={Factorizing personalized Markov chains for next-basket recommendation},
  author={Rendle, Steffen and Freudenthaler, Christoph and Schmidt-Thieme, Lars},
  booktitle={Proceedings of the 19th international conference on World wide web},
  pages={811--820},
  year={2010},
  organization={ACM}
}

@inproceedings{hidasi2015session,
  title={Session-based recommendations with recurrent neural networks},
  author={Hidasi, Bal{\'a}zs and Karatzoglou, Alexandros and Baltrunas, Linas and Tikk, Domonkos},
  booktitle={International Conference on Learning Representations},
  year={2016}
}

@inproceedings{ying2018graph,
  title={Graph convolutional neural networks for web-scale recommender systems},
  author={Ying, Rex and He, Ruining and Chen, Kaifeng and Eksombatchai, Pong and Hamilton, William L and Leskovec, Jure},
  booktitle={Proceedings of the 24th ACM SIGKDD International Conference on Knowledge Discovery \& Data Mining},
  pages={974--983},
  year={2018},
  organization={ACM}
}

@inproceedings{koren2010collaborative,
  title={Collaborative filtering with temporal dynamics},
  author={Koren, Yehuda},
  booktitle={Proceedings of the 19th ACM SIGKDD international conference on Knowledge discovery and data mining},
  pages={447--456},
  year={2010},
  organization={ACM}
}

@inproceedings{cheng2016wide,
  title={Wide \& deep learning for recommender systems},
  author={Cheng, Heng-Tze and Koc, Levent and Harmsen, Jeremiah and Shaked, Tal and Chandra, Tushar and Aradhye, Hrishi and Anderson, Glen and Corrado, Greg and Chai, Wei and Ispir, Mustafa and others},
  booktitle={Proceedings of the 1st workshop on deep learning for recommender systems},
  pages={7--10},
  year={2016},
  organization={ACM}
}

@article{hypergcn,
  title={HyperGCN: A New Method of Training Graph Convolutional Networks on Hypergraphs},
  author={Yadati, Naganand and Nimishakavi, Madhav and Yadav, Prateek and Nitin, Vikram and Louis, Anand and Talukdar, Partha},
  journal={Advances in Neural Information Processing Systems},
  volume={32},
  year={2019}
}

@inproceedings{hou2022towards,
  title={Towards universal sequence representation learning for recommender systems},
  author={Hou, Yupeng and Li, Shanlei and Liu, Zihao and Zhang, Hongwei and He, Xing and Tang, Bang and Xiong, Han and others},
  booktitle={Proceedings of the 28th ACM SIGKDD Conference on Knowledge Discovery and Data Mining},
  pages={585--593},
  year={2022},
  organization={ACM}
}

@inproceedings{zehlike2020reducing,
  title={Reducing discrimination in ranking and recommendation},
  author={Zehlike, Meike and Bonchi, Francesco and Castillo, Carlos and Hajian, Sara and Megahed, Mohamed and Baeza-Yates, Ricardo},
  booktitle={Proceedings of the 2020 conference on fairness, accountability, and transparency},
  pages={556--567},
  year={2020},
  organization={ACM}
}

@book{ricci2015recommender,
  title={Recommender systems handbook},
  author={Ricci, Francesco and Rokach, Lior and Shapira, Bracha},
  year={2015},
  publisher={Springer}
}

@article{herlocker2004evaluating,
  title={Evaluating collaborative filtering recommender systems},
  author={Herlocker, Jonathan L and Konstan, Joseph A and Terveen, Loren G and Riedl, John T},
  journal={ACM Transactions on Information Systems (TOIS)},
  volume={22},
  number={1},
  pages={5--53},
  year={2004},
  publisher={ACM}
}

@inproceedings{resnick1994grouplens,
  title={GroupLens: an open architecture for collaborative filtering of netnews},
  author={Resnick, Paul and Iacovou, Neophytos and Suchak, Mitesh and Bergstrom, Peter and Riedl, John},
  booktitle={Proceedings of the 1994 ACM conference on Computer supported cooperative work},
  pages={175--186},
  year={1994}
}

@inproceedings{shardanand1995social,
  title={Social information filtering: algorithms for automating word of mouth},
  author={Shardanand, Upendra and Maes, Pattie},
  booktitle={Proceedings of the SIGCHI conference on Human factors in computing systems},
  pages={210--217},
  year={1995}
}

@inproceedings{herlocker1999algorithmic,
  title={An algorithmic framework for performing collaborative filtering},
  author={Herlocker, Jonathan L and Konstan, Joseph A and Borchers, Al and Riedl, John},
  booktitle={Proceedings of the 22nd annual international ACM SIGIR conference on Research and development in information retrieval},
  pages={230--237},
  year={1999}
}

@inproceedings{bennett2007netflix,
  title={The Netflix prize},
  author={Bennett, James and Lanning, Stan},
  booktitle={Proceedings of KDD cup and workshop},
  volume={2007},
  pages={35},
  year={2007}
}

@article{lee1999learning,
  title={Learning the parts of objects by non-negative matrix factorization},
  author={Lee, Daniel D and Seung, H Sebastian},
  journal={Nature},
  volume={401},
  number={6755},
  pages={788--791},
  year={1999},
  publisher={Nature Publishing Group}
}

@inproceedings{pazzani2007content,
  title={Content-based recommendation systems},
  author={Pazzani, Michael J and Billsus, Daniel},
  booktitle={The adaptive web},
  pages={325--341},
  year={2007},
  publisher={Springer}
}

@article{burke2002hybrid,
  title={Hybrid recommender systems: Survey and experiments},
  author={Burke, Robin},
  journal={User modeling and user-adapted interaction},
  volume={12},
  number={4},
  pages={331--370},
  year={2002},
  publisher={Springer}
}

@article{koren2009collaborative,
  title={Collaborative filtering with temporal dynamics},
  author={Koren, Yehuda},
  journal={Communications of the ACM},
  volume={53},
  number={4},
  pages={89--97},
  year={2010},
  publisher={ACM}
}

@article{rendle2012factorization,
  title={Factorization machines with libfm},
  author={Rendle, Steffen},
  journal={ACM Transactions on Intelligent Systems and Technology (TIST)},
  volume={3},
  number={3},
  pages={1--22},
  year={2012},
  publisher={ACM}
}

@inproceedings{wang2019kgat,
  title={KGAT: Knowledge graph attention network for recommendation},
  author={Wang, Xiang and He, Xiangnan and Cao, Yixin and Liu, Meng and Chua, Tat-Seng},
  booktitle={Proceedings of the 25th ACM SIGKDD International Conference on Knowledge Discovery \& Data Mining},
  pages={950--958},
  year={2019}
}

@inproceedings{ma2018modeling,
  title={Modeling task relationships in multi-task learning with multi-gate mixture-of-experts},
  author={Ma, Jiaqi and Zhao, Zhe and Yi, Xinyang and Chen, Jilin and Hong, Lichan and Chi, Ed H},
  booktitle={Proceedings of the 24th ACM SIGKDD International Conference on Knowledge Discovery \& Data Mining},
  pages={1930--1939},
  year={2018}
}

@article{zhu2019transfer,
  title={Transfer learning in deep reinforcement learning: A survey},
  author={Zhu, Zhuangdi and Lin, Kaixiang and Zhou, Jiayu},
  journal={arXiv preprint arXiv:1908.07077},
  year={2019}
}

@inproceedings{zheng2018joint,
  title={Joint deep modeling of users and items using reviews for recommendation},
  author={Zheng, Lei and Noroozi, Vahid and Yu, Philip S},
  booktitle={Proceedings of the tenth ACM international conference on web search and data mining},
  pages={425--434},
  year={2017}
}

@inproceedings{adomavicius2011context,
  title={Context-aware recommender systems},
  author={Adomavicius, Gediminas and Tuzhilin, Alexander},
  booktitle={Recommender systems handbook},
  pages={217--253},
  year={2011},
  publisher={Springer}
}

@inproceedings{dacrema2019we,
  title={Are we really making much progress? A worrying analysis of recent neural recommendation approaches},
  author={Dacrema, Maurizio Ferrari and Cremonesi, Paolo and Jannach, Dietmar},
  booktitle={Proceedings of the 13th ACM Conference on Recommender Systems},
  pages={101--109},
  year={2019}
}

@inproceedings{marlin2007collaborative,
  title={Collaborative filtering and the missing at random assumption},
  author={Marlin, Benjamin and Zemel, Richard S},
  booktitle={Proceedings of the Twenty-Third Conference on Uncertainty in Artificial Intelligence},
  pages={267--275},
  year={2007}
}

@inproceedings{ekstrand2022fairness,
  title={Fairness in recommendation: Foundations, methods and applications},
  author={Ekstrand, Michael D and Tian, Mucun and Kazi, Mohammed R Imran and Mehrpouyan, Hoda and Kluver, Daniel},
  booktitle={International Conference on Artificial Intelligence and Statistics},
  pages={9267--9278},
  year={2022},
  publisher={PMLR}
}

@inproceedings{mcsherry2009differentially,
  title={Differentially private recommender systems: Building privacy into the Netflix prize contenders},
  author={McSherry, Frank and Mironov, Ilya},
  booktitle={Proceedings of the 15th ACM SIGKDD international conference on Knowledge discovery and data mining},
  pages={627--636},
  year={2009}
}

@inproceedings{erkin2012privacy,
  title={Privacy-preserving user profiling with packed homomorphic encryption},
  author={Erkin, Zekeriya and Troncoso, Carmela and Lagendijk, Reginald L and P{\'e}rez-Gonz{\'a}lez, Fernando},
  booktitle={IFIP International Conference on Communications and Multimedia Security},
  pages={41--55},
  year={2012},
  publisher={Springer}
}

@article{chen2020bias,
  title={Bias and debias in recommender system: A survey and future directions},
  author={Chen, Jiawei and Dong, Hande and Wang, Xiang and Feng, Fuli and Wang, Meng and He, Xiangnan},
  journal={arXiv preprint arXiv:2010.03240},
  year={2020}
}

@article{gao2021advances,
  title={Advances and challenges in conversational recommender systems: A survey},
  author={Gao, Chongming and Lei, Wenqiang and He, Xiangnan and de Rijke, Maarten and Chua, Tat-Seng},
  journal={AI Open},
  volume={2},
  pages={100--126},
  year={2021},
  publisher={Elsevier}
}

@article{hou2023large,
  title={Large language models are zero-shot rankers for recommender systems},
  author={Hou, Yupeng and Zhang, Junjie and Lin, Zihan and Lu, Hongyu and Xie, Ruobing and McAuley, Julian and Zhao, Wayne Xin},
  journal={arXiv preprint arXiv:2305.08845},
  year={2023}
}

@article{zhang2020explainable,
  title={Explainable recommendation: A survey and new perspectives},
  author={Zhang, Yongfeng and Chen, Xu},
  journal={Foundations and Trends in Information Retrieval},
  volume={14},
  number={1},
  pages={1--101},
  year={2020},
  publisher={Now Publishers}
}

@inproceedings{joachims2017accurately,
  title={Accurately interpreting clickthrough data as implicit feedback},
  author={Joachims, Thorsten and Granka, Laura and Pan, Bing and Hembrooke, Helene and Gay, Geri},
  booktitle={Proceedings of the 28th annual international ACM SIGIR conference on Research and development in information retrieval},
  pages={154--161},
  year={2005}
}

